<record><leader>00000cas a2200000 a 4500</leader><controlfield tag="001">10594003</controlfield><controlfield tag="008">840404d18661882fluwr ne      0    0eng c</controlfield><datafield ind1=" " ind2=" " tag="010"><subfield code="a">sn 84022783 </subfield></datafield><datafield ind1=" " ind2=" " tag="040"><subfield code="a">NPX</subfield><subfield code="b">eng</subfield><subfield code="c">NPX</subfield><subfield code="d">NPU</subfield><subfield code="d">NVK</subfield><subfield code="d">FUG</subfield><subfield code="d">OCLCQ</subfield><subfield code="d">OCLCF</subfield><subfield code="d">OCLCO</subfield></datafield><datafield ind1=" " ind2=" " tag="012"><subfield code="i">9511</subfield></datafield><datafield ind1=" " ind2=" " tag="042"><subfield code="a">pcc</subfield></datafield><datafield ind1=" " ind2=" " tag="043"><subfield code="a">n-us-fl</subfield></datafield><datafield ind1="0" ind2="4" tag="245"><subfield code="a">The East Florida banner.</subfield></datafield><datafield ind1=" " ind2=" " tag="260"><subfield code="a">Ocala, Marion County, Fla.,</subfield><subfield code="c">Wm. J. McGrath</subfield></datafield><datafield ind1=" " ind2=" " tag="300"><subfield code="a">v. ;</subfield><subfield code="c">62 cm.</subfield></datafield><datafield ind1=" " ind2=" " tag="310"><subfield code="a">Weekly</subfield></datafield><datafield ind1="1" ind2=" " tag="362"><subfield code="a">Began in 1866; ceased in 1882.</subfield></datafield><datafield ind1=" " ind2=" " tag="500"><subfield code="a">"Democratic."</subfield></datafield><datafield ind1=" " ind2=" " tag="500"><subfield code="a">"Official Organ of the 5th Judicial Circuit."</subfield></datafield><datafield ind1=" " ind2=" " tag="500"><subfield code="a">Editors: J. Wiggin, &lt;1869&gt;; F. Harris, W. McGrath, &lt;1870&gt;; W. McGrath, &lt;1871-1872&gt;; F. Harris, &lt;1873-1876&gt;; J. Harris, &lt;1874-1875&gt;.</subfield></datafield><datafield ind1=" " ind2=" " tag="500"><subfield code="a">Publishers: S. Agnew &amp; Co., &lt;1869&gt;; Harris &amp; McGrath, &lt;1870&gt;; W. McGrath, &lt;1871-1872&gt;; F. Harris, &lt;1873&gt;; F.E. &amp; J.A. Harris, &lt;1874-1876&gt;.</subfield></datafield><datafield ind1=" " ind2=" " tag="588"><subfield code="a">Description based on: Vol. 2, no. 21 (Oct. 12, 1867).</subfield></datafield><datafield ind1=" " ind2=" " tag="588"><subfield code="a">Latest issue consulted: Vol. 15, no. 8 (July 3, 1880).</subfield></datafield><datafield ind1=" " ind2="0" tag="651"><subfield code="a">Ocala (Fla.)</subfield><subfield code="v">Newspapers.</subfield></datafield><datafield ind1=" " ind2="0" tag="651"><subfield code="a">Marion County (Fla.)</subfield><subfield code="v">Newspapers.</subfield></datafield><datafield ind1=" " ind2="7" tag="655"><subfield code="a">Newspapers.</subfield><subfield code="2">fast</subfield><subfield code="0">(OCoLC)fst01423814</subfield></datafield><datafield ind1=" " ind2="7" tag="651"><subfield code="a">Florida</subfield><subfield code="z">Marion County.</subfield><subfield code="2">fast</subfield><subfield code="0">(OCoLC)fst01204301</subfield></datafield><datafield ind1=" " ind2="7" tag="651"><subfield code="a">Florida</subfield><subfield code="z">Ocala.</subfield><subfield code="2">fast</subfield><subfield code="0">(OCoLC)fst01215855</subfield></datafield><datafield ind1=" " ind2=" " tag="752"><subfield code="a">United States</subfield><subfield code="b">Florida</subfield><subfield code="c">Marion</subfield><subfield code="d">Ocala.</subfield></datafield><datafield ind1="0" ind2="7" tag="785"><subfield code="t">Florida lacon</subfield></datafield><datafield ind1="0" ind2="7" tag="785"><subfield code="t">Ocala banner-lacon</subfield><subfield code="w">(DLC)sn 95047283</subfield><subfield code="w">(OCoLC)33452254</subfield></datafield><datafield ind1=" " ind2=" " tag="850"><subfield code="a">FU</subfield></datafield></record>